<record><leader>00000cas a22000007a 4500</leader><controlfield tag="001">12492054</controlfield><controlfield tag="008">850905d18711874mouwr ne      0    0eng d</controlfield><datafield ind1=" " ind2=" " tag="010"><subfield code="a">sn 85034137 </subfield></datafield><datafield ind1=" " ind2=" " tag="040"><subfield code="a">NPU</subfield><subfield code="b">eng</subfield><subfield code="c">NPU</subfield><subfield code="d">MQN</subfield><subfield code="d">OCLCQ</subfield></datafield><datafield ind1=" " ind2=" " tag="042"><subfield code="a">msc</subfield></datafield><datafield ind1="0" ind2=" " tag="130"><subfield code="a">Stockton tribune (Stockton, Mo.)</subfield></datafield><datafield ind1="1" ind2="0" tag="245"><subfield code="a">Stockton tribune.</subfield></datafield><datafield ind1=" " ind2=" " tag="260"><subfield code="a">Stockton, Mo. :</subfield><subfield code="b">Tribune Pub. Co.</subfield></datafield><datafield ind1=" " ind2=" " tag="300"><subfield code="a">v. ;</subfield><subfield code="c">54 cm.</subfield></datafield><datafield ind1=" " ind2=" " tag="310"><subfield code="a">Weekly</subfield></datafield><datafield ind1="1" ind2=" " tag="362"><subfield code="a">Began in 1871?; ceased in 1874?</subfield><subfield code="z">Cf. Gregory, W. Amer. newspapers.</subfield></datafield><datafield ind1=" " ind2=" " tag="588"><subfield code="a">Description based on: Vol. 7, no. 15 (Mar. 14, 1873).</subfield></datafield><datafield ind1=" " ind2=" " tag="752"><subfield code="a">United States</subfield><subfield code="b">Missouri</subfield><subfield code="c">Cedar</subfield><subfield code="d">Stockton.</subfield></datafield><datafield ind1="0" ind2="0" tag="780"><subfield code="t">South-west tribune (Stockton, Mo.)</subfield><subfield code="w">(DLC)sn 90061729</subfield></datafield></record>